@article{GraphiteCif,
	author	= "O. Hassel, H. Mark",
	title	= "Über die Kristallstruktur des Graphits",
	journal	= "Zeitschrift für Physik",
	volume	= 25,
	year	= 1924,
	pages	= "317--337"
}

@article{ac94,
	author = "L.E.~Adam and K.G.~Chetyrkin",
	title  = "Renormalization of four-quark operators and QCD sum rules",
	journal = "Phys. Lett. B329",
	volume = 129,
	year = 1994
} 

@article{lsc86,
	author = "L.V.~Lanin, V.P.~Spiridonov and K.G.~Chetyrkin",
	title = "Contribution of four-quark condensates to sum rules for $\rho$ and $A_1$ mesons",
	journal = "Yad.\ Fiz. 44",
	volume = 1372,
	year = 1986
} 

@article{svz79,
	author = "M.A.~Shiftman, A.L~Vainshtein and V.I.~Zakharov",
	title = "",
	journal = "Phys. B147",
	volume = "385, 448, 519",
	year = 1979
}

@article{bj08,
  author={Martin Beneke and Matthias Jamin},
  title={$\alpha$ s and the $\tau$ hadronic width: fixed-order, contour- improved and higher-order perturbation theory},
  journal={Journal of High Energy Physics},
  volume={2008},
  number={09},
  pages={044},
  url={http://stacks.iop.org/1126-6708/2008/i=09/a=044},
  year={2008},
}
	
@BOOK{PT84,
  AUTHOR       = "P.~Pascual, R.~Tarrach",
  TITLE        = "QCD: Renormalization for the Practitioner",
  PUBLISHER    = "Springer-Verlag",
  YEAR         = "1984",
  ADDRESS      = "Berlin"
}

@unpublished{j06,
  Author = {M.~Jamin},
  Institution = {Universitat Autonoma de Barcelona},
  Howpublished = {Herbstschule für Hochenergiephysik},
  Year = {2006},
  Title = {QCD and Renormalisation Group Methods}
}

@unpublished{bhj15,
	author = {D.~Hornung, D~Boito, M.~Jamin},
	title = {Anomalous dimensions of 4-quark operators and renormalon structure of mesonic 2-point correlators},
	year = 2015
}
